<collection xmlns="http://www.loc.gov/MARC21/slim">
<record>
  <leader>00830nam0a22002051i 450 </leader>
  <controlfield tag="001">IT\ICCU\CNCE\057569</controlfield>
  <controlfield tag="005">20080303000000.0</controlfield>
  <datafield tag="100" ind1=" " ind2=" ">
    <subfield code="a">20040421d1596        0itac0103    ba</subfield>
  </datafield>
  <datafield tag="101" ind1=" " ind2=" ">
    <subfield code="a">ITA</subfield>
  </datafield>
  <datafield tag="102" ind1=" " ind2=" ">
    <subfield code="a">IT</subfield>
  </datafield>
  <datafield tag="200" ind1="1" ind2=" ">
    <subfield code="a">Lettere</subfield>
  </datafield>
  <datafield tag="210" ind1=" " ind2=" ">
    <subfield code="a">Urbino</subfield>
    <subfield code="c">Bartolomeo Ragusi</subfield>
    <subfield code="d">1596</subfield>
  </datafield>
  <datafield tag="620" ind1=" " ind2=" ">
    <subfield code="a">IT</subfield>
    <subfield code="d">Urbino</subfield>
  </datafield>
  <datafield tag="700" ind1=" " ind2="1">
    <subfield code="a">Guarini,</subfield>
    <subfield code="b">Giovanni Battista</subfield>
    <subfield code="c"> &lt;1538-1612&gt;</subfield>
    <subfield code="3">IT\ICCU\CNCA\006336</subfield>
  </datafield>
  <datafield tag="712" ind1="0" ind2="0">
    <subfield code="a">Ragusi, Bartolomeo</subfield>
    <subfield code="3">IT\ICCU\CNCT\000005</subfield>
    <subfield code="4">650</subfield>
  </datafield>
  <datafield tag="790" ind1=" " ind2="0">
    <subfield code="a">Attizzato accademico ferrarese</subfield>
    <subfield code="3">IT\ICCU\CNCA\019705</subfield>
    <subfield code="z">Guarini, Giovanni Battista &lt;1538-1612&gt;</subfield>
  </datafield>
  <datafield tag="790" ind1=" " ind2="1">
    <subfield code="a">Guarini,</subfield>
    <subfield code="b">Battista</subfield>
    <subfield code="c"> &lt;1538-1612&gt;</subfield>
    <subfield code="3">IT\ICCU\CNCA\019706</subfield>
    <subfield code="z">Guarini, Giovanni Battista &lt;1538-1612&gt;</subfield>
  </datafield>
  <datafield tag="791" ind1="0" ind2="0">
    <subfield code="a">Ragusius, Bartholomaeus</subfield>
    <subfield code="3">IT\ICCU\CNCT\005283</subfield>
    <subfield code="z">Ragusi, Bartolomeo</subfield>
  </datafield>
  <datafield tag="791" ind1="0" ind2="0">
    <subfield code="a">Ragusij, Bartholomeo</subfield>
    <subfield code="3">IT\ICCU\CNCT\005285</subfield>
    <subfield code="z">Ragusi, Bartolomeo</subfield>
  </datafield>
  <datafield tag="801" ind1=" " ind2="3">
    <subfield code="a">IT</subfield>
    <subfield code="b">ICCU</subfield>
    <subfield code="c">20201115</subfield>
  </datafield>
</record>
</collection>
